@article{1,
  title = {Quantum Computing: Dream or Nightmare?},
  author = {Serge Haroche and Jean-Michel Raimond},
  year = {1996},
  month = aug,
  journal = {Physics Today},
  volume = {49},
  number = {8},
  pages = {51--52},
  issn = {0031-9228, 1945-0699},
  doi = {10.1063/1.881512},
  urldate = {2024-05-30},
  abstract = {The principles of quantum computing were laid out about 15 years ago by computer scientists applying the superposition principle of quantum mechanics to computer operation. Quantum computing has recently become a hot topic in physics, with the recognition that a two-level system can be presented as a quantum bit, or ``qubit,'' and that an interaction between such systems could lead to the building of quantum gates obeying nonclassical logic. (See PHYSICS TODAY, October 1995, page 24 and March 1996, page 21.)},
  langid = {english}
  }

@article{2,
   title={Fault-tolerant quantum computation by anyons},
   volume={303},
   ISSN={0003-4916},
   url={http://dx.doi.org/10.1016/S0003-4916(02)00018-0},
   DOI={10.1016/s0003-4916(02)00018-0},
   number={1},
   journal={Annals of Physics},
   publisher={Elsevier BV},
   author={Kitaev, A.Yu.},
   year={2003},
   month=jan, pages={2–30} 
   }

@article{3,
   title={Topological quantum memory},
   volume={43},
   ISSN={1089-7658},
   url={http://dx.doi.org/10.1063/1.1499754},
   DOI={10.1063/1.1499754},
   number={9},
   journal={Journal of Mathematical Physics},
   publisher={AIP Publishing},
   author={Dennis, Eric and Kitaev, Alexei and Landahl, Andrew and Preskill, John},
   year={2002},
   month=sep, pages={4452–4505}
   } 

}
@article{4,
   title={Implementing a strand of a scalable fault-tolerant quantum computing fabric},
   volume={5},
   ISSN={2041-1723},
   url={http://dx.doi.org/10.1038/ncomms5015},
   DOI={10.1038/ncomms5015},
   number={1},
   journal={Nature Communications},
   publisher={Springer Science and Business Media LLC},
   author={Chow, Jerry M. and Gambetta, Jay M. and Magesan, Easwar and Abraham, David W. and Cross, Andrew W. and Johnson, B R and Masluk, Nicholas A. and Ryan, Colm A. and Smolin, John A. and Srinivasan, Srikanth J. and Steffen, M},
   year={2014},
   month=jun
   }

@article{5,
   title={Superconducting quantum circuits at the surface code threshold for fault tolerance},
   volume={508},
   ISSN={1476-4687},
   url={http://dx.doi.org/10.1038/nature13171},
   DOI={10.1038/nature13171},
   number={7497},
   journal={Nature},
   publisher={Springer Science and Business Media LLC},
   author={Barends, R. and Kelly, J. and Megrant, A. and Veitia, A. and Sank, D. and Jeffrey, E. and White, T. C. and Mutus, J. and Fowler, A. G. and Campbell, B. and Chen, Y. and Chen, Z. and Chiaro, B. and Dunsworth, A. and Neill, C. and O’Malley, P. and Roushan, P. and Vainsencher, A. and Wenner, J. and Korotkov, A. N. and Cleland, A. N. and Martinis, John M.},
   year={2014},
   month=apr, pages={500–503}
   }

@misc{6,
      title={On the Hardnesses of Several Quantum Decoding Problems}, 
      author={Kao-Yueh Kuo and Chung-Chin Lu},
      year={2013},
      eprint={1306.5173},
      archivePrefix={arXiv},
      primaryClass={quant-ph}
      }

@online{7,
    author = {Arthur Pesah},
    title = {Decoders for Topological Quantum Error Correction},
    year = {2020},
    month = nov,
    url = {https://arthurpesah.me/assets/pdf/case-study-surface-code.pdf},
    urldate      = {2024-06-05}
    }

@article{8,
   title={Neural Network Decoders for Large-Distance 2D Toric Codes},
   volume={4},
   ISSN={2521-327X},
   url={http://dx.doi.org/10.22331/q-2020-08-24-310},
   DOI={10.22331/q-2020-08-24-310},
   journal={Quantum},
   publisher={Verein zur Forderung des Open Access Publizierens in den Quantenwissenschaften},
   author={Ni, Xiaotong},
   year={2020},
   month=aug, pages={310} 
   }

@article{9,
   title={Logical error rate scaling of the toric code},
   volume={16},
   ISSN={1367-2630},
   url={http://dx.doi.org/10.1088/1367-2630/16/9/093045},
   DOI={10.1088/1367-2630/16/9/093045},
   number={9},
   journal={New Journal of Physics},
   publisher={IOP Publishing},
   author={Watson, Fern H E and Barrett, Sean D},
   year={2014},
   month=sep, pages={093045} 
   }

@article{10,
  title={Blossom V: a new implementation of a minimum cost perfect matching algorithm},
  author={Vladimir Kolmogorov},
  journal={Mathematical Programming Computation},
  year={2009},
  volume={1},
  pages={43-67},
  url={https://api.semanticscholar.org/CorpusID:17864814}
  }

@article{11,
   title={Cellular-automaton decoders for topological quantum memories},
   volume={1},
   ISSN={2056-6387},
   url={http://dx.doi.org/10.1038/npjqi.2015.10},
   DOI={10.1038/npjqi.2015.10},
   number={1},
   journal={npj Quantum Information},
   publisher={Springer Science and Business Media LLC},
   author={Herold, Michael and Campbell, Earl T and Eisert, Jens and Kastoryano, Michael J},
   year={2015},
   month=oct }

@article{12,
   title={Almost-linear time decoding algorithm for topological codes},
   volume={5},
   ISSN={2521-327X},
   url={http://dx.doi.org/10.22331/q-2021-12-02-595},
   DOI={10.22331/q-2021-12-02-595},
   journal={Quantum},
   publisher={Verein zur Forderung des Open Access Publizierens in den Quantenwissenschaften},
   author={Delfosse, Nicolas and Nickerson, Naomi H.},
   year={2021},
   month=dec, pages={595} 
   }
